@article{challet1997emergence,
  title={Emergence of cooperation and organization in an evolutionary game},
  author={Challet, Damien and Zhang, Y-C},
  journal={Physica A: Statistical Mechanics and its Applications},
  volume={246},
  number={3},
  pages={407--418},
  year={1997},
  publisher={Elsevier}
}
@article{arthur1994inductive,
  title={Inductive reasoning and bounded rationality},
  author={Arthur, W Brian},
  journal={The American economic review},
  pages={406--411},
  year={1994},
  publisher={JSTOR}
}
@article{gause1936struggle,
  title={The Struggle for Existence.},
  author={Gause, GF},
  journal={Soil Science},
  volume={41},
  number={2},
  pages={159},
  year={1936},
  publisher={LWW}
}
